<?xml version="1.0" encoding="UTF-8"?><collection xmlns="http://www.loc.gov/MARC21/slim"><record><leader>00567nam--2200229-u-4500</leader><controlfield tag="001">000050438</controlfield><controlfield tag="002">20161230</controlfield><controlfield tag="003">81830</controlfield><controlfield tag="005">20161230201048</controlfield><controlfield tag="008">070322s1000------------r-----000-0-eng-d</controlfield><datafield ind1=" " ind2=" " tag="020"><subfield code="a">0387281517</subfield></datafield><datafield ind1=" " ind2=" " tag="040"><subfield code="a">IFIN-HH</subfield></datafield><datafield ind1=" " ind2=" " tag="041"><subfield code="a">eng</subfield></datafield><datafield ind1=" " ind2=" " tag="080"><subfield code="a">(621.762:537):53.06</subfield></datafield><datafield ind1="1" ind2=" " tag="100"><subfield code="a">Goldman,Alex</subfield></datafield><datafield ind1="1" ind2="0" tag="245"><subfield code="a">Modern Ferrite Technology</subfield><subfield code="c">Alex Goldman</subfield></datafield><datafield ind1=" " ind2=" " tag="250"><subfield code="a">Second Edition</subfield></datafield><datafield ind1=" " ind2=" " tag="260"><subfield code="a">Berlin</subfield><subfield code="b">Springer</subfield><subfield code="c">2006</subfield></datafield><datafield ind1=" " ind2=" " tag="300"><subfield code="a">432 p</subfield></datafield><datafield ind1=" " ind2="4" tag="650"><subfield code="a">Ferrites - Magnetic properties</subfield></datafield><datafield ind1=" " ind2=" " tag="852"><subfield code="a">81830</subfield><subfield code="c">621.762</subfield></datafield><datafield ind1=" " ind2=" " tag="CAT"><subfield code="a">Sys</subfield><subfield code="c">20110905</subfield><subfield code="h">115346</subfield></datafield></record></collection>